<?xml version="1.0" encoding="UTF-8"?><collection xmlns="http://www.loc.gov/MARC21/slim"><record><leader>00346nam--2200133-i-4500</leader><controlfield tag="001">000028768</controlfield><controlfield tag="002">20161230</controlfield><controlfield tag="005">20161230201037</controlfield><controlfield tag="008">060222s1000------------r-----000-0-eng-d</controlfield><datafield ind1=" " ind2=" " tag="080"><subfield code="a">539.1(061.3:047.3)</subfield></datafield><datafield ind1=" " ind2=" " tag="245"><subfield code="a">L`enseignement des sciences nucleaires iii</subfield></datafield><datafield ind1=" " ind2=" " tag="260"><subfield code="a">Vienna, Iaea, 1975. 35p</subfield></datafield><datafield ind1=" " ind2=" " tag="490"><subfield code="a">Coll.Rapposrts Techniques</subfield></datafield><datafield ind1=" " ind2=" " tag="852"><subfield code="a">1875</subfield></datafield></record></collection>